@misc{germoglio2010fundamentos,
  title={Fundamentos da arquitetura de software},
  author={Germoglio, Guilherme},
  year={2010}
}

@book{buxton1970software,
  title={Software Engineering Techniques: Report on a Conference Sponsored by the NATO Science Committee},
  author={Buxton, John N and Randell, Brian},
  year={1970},
  publisher={NATO Science Committee; available from Scientific Affairs Division, NATO}
}

@phdthesis{fabricio2009instrumentation,
  author={Fabrício Ataides Braz},
  title={Instrumentação da Análise e Projeto de Software Seguro Baseada em Ameaças e Padrões},
  school={Universidade de Brasília},
  year={2009},
  address={Faculdade de Tecnologia},
  month={Abril}
}

@article{raymond1999cathedral,
  title={The Cathedral and the Bazaar: Musings on Linux and Open Source from an Accidental Revolutionary, Sebastapol},
  author={Raymond, Eric},
  journal={CA: O’Rei1ly BC Associates},
  year={1999}
}

@article{filho2010,
  title={Requisitos Não Funcionais: Critérios para análise arquitetural},
  author={Filho, Antonio Mendes da Silva},
  journal={Engenharia de Software Magazine},
  year={2010}
}

@book{buschmann2007pattern,
  title={Pattern-oriented Software Architecture: On Patterns and Pattern Language},
  author={Buschmann, Frank and Henney, Kelvin and Schimdt, Douglas},
  volume={5},
  year={2007},
  publisher={John Wiley \& Sons}
}

@inproceedings{dias2000software,
  title={Software architecture analysis based on statechart semantics},
  author={Dias, Marcio S and Vieira, Marlon ER},
  booktitle={Software Specification and Design, 2000. Tenth International Workshop on},
  pages={133--137},
  year={2000},
  organization={IEEE}
}fabricio2009instrumentation

@book{clements2002documenting,
  title={Documenting software architectures: views and beyond},
  author={Clements, Paul and Garlan, David and Bass, Len and Stafford, Judith and Nord, Robert and Ivers, James and Little, Reed},
  year={2002},
  publisher={Pearson Education}
}

@article{xavier2001criaccao,
  title={Cria{\c{c}}{\~a}o e Instancia{\c{c}}{\~a}o de Arquiteturas de Software Espec{\'\i}ficas de Dom{\'\i}nio no contexto de uma Infra-estrutura de Reutiliza{\c{c}}{\~a}o},
  author={Xavier, Jos{\'e} Ricardo},
  journal={Sc., COPPE/UFRJ, Rio de Janeiro, Brasil, Junho},
  year={2001}
}

@inproceedings{gacek1995definition,
  title={On the definition of software system architecture},
  author={Gacek, Cristina and Abd-Allah, Ahmed and Clark, Bradford and Boehm, Barry},
  booktitle={Proceedings of the First International Workshop on Architectures for Software Systems},
  pages={85--94},
  year={1995},
  organization={Seattle, Wa}
}

@article{hilliard2000ieee,
  title={Ieee-std-1471-2000 recommended practice for architectural description of software-intensive systems},
  author={Hilliard, Rich},
  journal={IEEE, http://standards. ieee. org},
  year={2000}
}

@article{garlan1993introduction,
  title={An introduction to software architecture},
  author={Garlan, David and Shaw, Mary},
  journal={Advances in software engineering and knowledge engineering},
  volume={1},
  pages={1--40},
  year={1993},
  publisher={Singapore}
}

@article{shaw1996software,
  title={Software architecture: perspectives on an emerging discipline},
  author={Shaw, Mary and Garlan, David},
  year={1996},
  publisher={Prentice Hall}
}

@phdthesis{meirelles2010mezuro,
  author  = {Meirelles, Paulo and Morais, Carlos and Martins M., Rafael and Kon, Fabio and Santos Jr., Carlos and Maldonado, José},
  title   = {Mezuro: A Source Code Tracking Platform},
  school  = {FLOSS Competence Center – University of São Paulo},
  year    = {2010},
  address = {Instituto de Matemática e Estatística},
  month   = {Maio}
}

@article{meirelles2009crab,
  title={Crab: Uma ferramenta de configura{\c{c}}{\~a}o e interpreta{\c{c}}{\~a}o de m{\'e}tricas de software para avalia{\c{c}}{\~a}o de qualidade de c{\'o}digo},
  author={Meirelles, Paulo RM and C{\'o}be, Raphael and Hanazumi, Simone and Nunes, Paulo and Challco, Geiser and Martins, Straus and Morais, Eduardo and Kon, Fabio},
  journal={XXIII SBES-Simp{\'o}sio Brasileiro de Engenharia de Software (XVI Sess{\~a}o de Ferramentas). Citado na p{\'a}g},
  volume={33},
  year={2009}
}

@phdthesis{meirelles2013metrics,
 Author = {Paulo Roberto Miranda Meirelles},
 Title = {Monitoramento de métricas de código-fonte em projetos de software livre}, 
 School = {Instituto de Matemática e Estátistica -- Universidade de São Paulo (IME/USP)}, 
 Year = {2013}
 }

 @misc{noosfero2013plugins,
  author = {Aurélio A. Heckert},
  title  = {Plugins},
  month  = {Setembro},
  year   = {2013},
  url    = {http://noosfero.org/Development/Plugins}
}

@misc{qualipso2009,
  title = {Qualipso Project - O Projeto Qualipso},
  month = {Março},
  year  = {2009},
  url   = {http://qualipso.icmc.usp.br/}
}

@article{terceiro2012freesoftware,
  author  = {Antonio Soares de Azevedo Terceiro},
  title   = {Caraterização da Complexidade Estrutural em Sistemas de Software},
  school = {Universidade Federal da Bahia},
  year    = {2012}
}

@masterthesis{corbucci2011freemethods,
  author = {Hugo Corbucci},
  title  = {Métodos ágeis e software livre: um estudo da relação entre estas duas comunidades},
  school = {Instituto de Matemática e Estatística da Universidade de São Paulo},
  year   = {2011}
}

@inproceedings{godfrey2000evolution,
  title={Evolution in open source software: A case study},
  author={Godfrey, Michael W and Tu, Qiang},
  booktitle={Software Maintenance, 2000. Proceedings. International Conference on},
  pages={131--142},
  year={2000},
  organization={IEEE}
}

@inproceedings{mens2005challenges,
  title={Challenges in software evolution},
  author={Mens, Tom and Wermelinger, Michel and Ducasse, St{\'e}phane and Demeyer, Serge and Hirschfeld, Robert and Jazayeri, Mehdi},
  booktitle={Principles of Software Evolution, Eighth International Workshop on},
  pages={13--22},
  year={2005},
  organization={IEEE}
}

@incollection{fernandez2008empirical,
  title={Empirical studies of open source evolution},
  author={Fernandez-Ramil, Juan and Lozano, Angela and Wermelinger, Michel and Capiluppi, Andrea},
  booktitle={Software evolution},
  pages={263--288},
  year={2008},
  publisher={Springer}
}

@inproceedings{mockus2000case,
  title={A case study of open source software development: the Apache server},
  author={Mockus, Audris and Fielding, Roy T and Herbsleb, James},
  booktitle={Software Engineering, 2000. Proceedings of the 2000 International Conference on},
  pages={263--272},
  year={2000},
  organization={IEEE}
}

@misc{mejia2011rails,
  author = "Adrian Mejia",
  title  = "Ruby on Rails Architectural Design",
  month  = "Agosto",
  year   = "2011",
  url    = "http://adrianmejia.com/blog/2011/08/11/ruby-on-rails-architectural-design/"
}

@article{thomas2008,
  title={Why Free Software has poor usability, and how to improve it},
  author={Thomas, Matthew Paul},
  journal={Computing \& Internet, Usability},
  year={2008}
}

@article{nichols2006,
  title={Usability processes in open source projects},
  author={Nichols, David M and Twidale, Michael B},
  journal={Software Process: Improvement and Practice},
  volume={11},
  number={2},
  pages={149--162},
  year={2006},
  publisher={Wiley Online Library}
}

@masterthesis{santos2012,
  author = {Santos, Ana Paula},
  title  = {Aplicação de práticas de usabilidade ágil em software livre},
  school = {Instituto de Matemática e Estatística da Universidade de São Paulo},
  year   = {2012}
}

@misc{iso25010,
   Key = {ISO 25010},
   type = {ISO 25010},
   title = {Systems and software engineering — Systems and software Quality Requirements and Evaluation (SQuaRE) — System and software quality models},
   number = {ISO 25010},
   year = {2010},
}

@book{cybis2010,
  title={Ergonomia e usabilidade},
  author={Cybis, Walter and BETIOL, Adriana H and FAUST, Richard},
  journal={S{\~a}o Paulo: Novatec},
  year={2010}
}

@book{lida2005,
  title={Ergonomia: projeto e produ{\c{c}}{\~a}o. 2{\textordfeminine} edi{\c{c}}{\~a}o},
  author={LIDA, Itiro},
  journal={S{\~a}o Paulo: Editora Blucher},
  year={2005}
}

@ONLINE{abergo2013,
author = {Associa{\c{c}}{\~a}o Brasileira de Ergonomia},
title = {O que é ergonomia {@ONLINE}},
month = nov,
year = {2013},
url = {http://www.abergo.org.br/}
}

@book{nielsen1994,
  title={Usability engineering},
  author={Nielsen, Jakob},
  year={1994},
  publisher={Academic Press Limited}
}

@book{shneiderman2003,
  title={Designing The User Interface: Strategies for Effective Human-Computer Interaction, 4/e (New Edition)},
  author={Shneiderman, Ben and Ben, Shneiderman},
  year={2003},
  publisher={Pearson Education India}
}

@article{bastien1993,
  title={Ergonomic criteria for the evaluation of human-computer interfaces},
  author={Bastien, JM Christian and Scapin, Dominique L and others},
  year={1993}
}

@incollection{ferreira2007,
  title={Up-front interaction design in agile development},
  author={Ferreira, Jennifer and Noble, James and Biddle, Robert},
  booktitle={Agile Processes in Software Engineering and Extreme Programming},
  pages={9--16},
  year={2007},
  publisher={Springer}
}

@article{de2000psiquiatria,
  title={Psiquiatria baseada em evid{\^e}ncias},
  author={de Limaa, Maur{\'\i}cio S and Soaresb, Bernardo GO and Bacaltchukc, Josu{\'e}},
  journal={Rev Bras Psiquiatr},
  volume={22},
  number={3},
  pages={142--6},
  year={2000},
  publisher={SciELO Brasil}
}

@article{santoskon2009,
  title={Adaptação de metodologias de usabilidade para o contexto de desenvolvimento de software livre},
  author={Santos, Ana Paula and Kon, Fabio},
  year={2009}
}

@inproceedings{lee2011,
  title={Evaluating eXtreme scenario-based design in a distributed agile team},
  author={Lee, Jason Chong and Judge, Tejinder K and McCrickard, Donald Scott},
  booktitle={PART 1----------Proceedings of the 2011 annual conference extended abstracts on Human factors in computing systems},
  pages={863--877},
  year={2011},
  organization={ACM}
}

@incollection{moreno2012,
  title={Agile User Stories Enriched with Usability},
  author={Moreno, Ana M and Yag{\"u}e, Agust{\'\i}n},
  booktitle={Agile Processes in Software Engineering and Extreme Programming},
  pages={168--176},
  year={2012},
  publisher={Springer}
}

@article{nielsen1995severity,
  title={Severity ratings for usability problems},
  author={Nielsen, Jakob},
  journal={Papers and Essays},
  year={1995}
}

@phdthesis{meirelles2013,
  title={Monitoramento de m{\'e}tricas de c{\'o}digo-fonte em projetos de software livre},
  author={Meirelles, Paulo Roberto Miranda},
  year={2013},
  school={Universidade de S{\~a}o Paulo}
}

@ONLINE{gnu2013,
author = {GNU Operating System},
title = {O que é software livre? {@ONLINE}},
month = nov,
year = {2013},
url = {http://www.gnu.org/philosophy/free-sw.en.html}
}

@book{stallman2009,
  title={Free software, free society: Selected essays of Richard M. Stallman},
  author={Stallman, Richard M and Gay, Joshua},
  year={2009},
  publisher={CreateSpace}
}

@book{schwaber2002,
  title={Agile software development with Scrum},
  author={Schwaber, Ken and Beedle, Mike},
  volume={1},
  year={2002},
  publisher={Prentice Hall Upper Saddle River}
}

@ONLINE{manifesto2001,
author = {Manifesto Ágil},
title = {Manifesto para o desenvolvimento ágil de software {@ONLINE}},
month = nov,
year = {2001},
url = {http://manifestoagil.com.br/}
}

@article{dyba2008,
  title={Empirical studies of agile software development: A systematic review},
  author={Dyb{\aa}, Tore and Dings{\o}yr, Torgeir},
  journal={Information and software technology},
  volume={50},
  number={9},
  pages={833--859},
  year={2008},
  publisher={Elsevier}
}

@book{yin2009,
  title={Case study research: Design and methods},
  author={Yin, Robert K},
  volume={5},
  year={2009},
  publisher={Sage}
}

@article{mezuro2012,
  title={Mezuro: A Source Code Tracking Platform},
  author={Meirelles, Paulo and Morais, Carlos and Martins, Rafael M and Kon, Fabio and Júnior, Carlos Santos and Maldonado, José Carlos},
  journal={CBsoft 2012},
  year={2012},
  publisher={FLOSS Competence Center – Universidade de São Paulo}
}

@ONLINE{qualipso2013,
author = {Qualipso},
title = {O Projeto Qualipso {@ONLINE}},
month = nov,
year = {2013},
url = {http://qualipso.icmc.usp.br}
}

@ONLINE{ergolist2013,
author = {Laboratório de Utilizabilidade da Informática},
title = {ErgoList - Checklist {@ONLINE}},
month = nov,
year = {2013},
url = {http://www.labiutil.inf.ufsc.br/ergolist/check.htm}
}

@book{paulk1994capability,
  title={The capability maturity model: Guidelines for improving the software process},
  author={Paulk, Mark C and Weber, Charles V and Curtis, Bill and Chrissis, Mary Beth and others},
  volume={441},
  year={1994},
  publisher={Addison-wesley Reading, MA}
}

@article{iso2003iec,
  title={IEC 9126-1},
  author={ISO, NBR},
  journal={Engenharia de software-Qualidade de produto. Parte},
  volume={1},
  year={2003}
}

@article{keim2002information,
  title={Information visualization and visual data mining},
  author={Keim, Daniel A},
  journal={Visualization and Computer Graphics, IEEE Transactions on},
  volume={8},
  number={1},
  pages={1--8},
  year={2002},
  publisher={IEEE}
}

@PHDTHESIS {rafaelmessiasmartins2012,
    author = "Rafael Messias Martins",
    title  = "Técnicas de Visualização para Avaliação e Melhoria de Qualidade de Software Livre e Aberto",
    school = "Instituto de Ciências Matemáticas e de Computação - ICMC-USP",
    year   = "2012"
}

@article{heer2012interactive,
  title={Interactive dynamics for visual analysis},
  author={Heer, Jeffrey and Shneiderman, Ben},
  journal={Queue},
  volume={10},
  number={2},
  pages={30},
  year={2012},
  publisher={ACM}
}



